@manual{lca13381,
  title        = {LCA-13381 - LSST Camera Focal Plane Layout},
  author       = {LSSTCam},
  month        = jan,
  year         = 2020,
  url          = {https://docushare.lsst.org/docushare/dsweb/Get/LCA-13381},
}
